<?xml version="1.0" encoding="UTF-8"?><record xmlns="http://www.loc.gov/MARC21/slim" xmlns:cinclude="http://apache.org/cocoon/include/1.0" xmlns:zs="http://www.loc.gov/zing/srw/">
  <leader>00456nz  a2200133n  4500</leader>
  <controlfield tag="001">n  85362540 </controlfield>
  <controlfield tag="003">DLC</controlfield>
  <controlfield tag="005">19870324072136.8</controlfield>
  <controlfield tag="008">870129n| acannaab|          |n aaa |||  </controlfield>
  <datafield tag="010" ind1=" " ind2=" ">
    <subfield code="a">n  85362540 </subfield>
  </datafield>
  <datafield tag="040" ind1=" " ind2=" ">
    <subfield code="a">DLC</subfield>
    <subfield code="c">DLC</subfield>
  </datafield>
  <datafield tag="100" ind1="1" ind2="0">
    <subfield code="a">Williams, Robert H.</subfield>
    <subfield code="q">(Robert Howard),</subfield>
    <subfield code="d">1951-</subfield>
  </datafield>
  <datafield tag="670" ind1=" " ind2=" ">
    <subfield code="a">His Unleashing the right side of the brain, 1987:</subfield>
    <subfield code="b">CIP t.p. (Robert H. Williams, Ph. D.)</subfield>
  </datafield>
  <datafield tag="670" ind1=" " ind2=" ">
    <subfield code="a">Phone call to publisher, 1-21-87</subfield>
    <subfield code="b">(Robert Howard Williams; b. 3-20-51)</subfield>
  </datafield>
</record>